@incollection{local:normanspaper,
          author = {Norman Gray},
       booktitle = {Is Digital Different?: How Information Creation, Capture, Preservation and Discovery are Being Transformed},
          editor = {Michael Moss and Barbara Endicott-Popovsky and Marc J. Dupuis},
           title = {{RDF}, the semantic web, {Jordan}, {Jordan} and {Jordan}},
       publisher = {Facet Publishing},
            year = {2015},
             url = {http://eprints.gla.ac.uk/101484/},
}

@Misc{std:curie,
  author =       {Mark Birbeck and Shane McCarron},
  title =        {CURIE Syntax 1.0, A syntax for expressing Compact URIs},
  howpublished = {W3C Working Group Note 16 December 2010},
  year =         2010,
  url =          {https://www.w3.org/TR/2010/NOTE-curie-20101216/},
}

